@article{OLIVEIRA2013,
title = {A Lagrangean decomposition approach for oil supply chain investment planning under uncertainty with risk considerations},
journal = {Computers \& Chemical Engineering},
volume = {50},
pages = {184-195},
year = {2013},
issn = {0098-1354},
doi = {https://doi.org/10.1016/j.compchemeng.2012.10.012},
url = {https://www.sciencedirect.com/science/article/pii/S0098135412003249},
author = {F. Oliveira and V. Gupta and S. Hamacher and I.E. Grossmann},
}

@article{OLIVEIRA2014,
title = {Accelerating Benders stochastic decomposition for the optimization under uncertainty of the petroleum product supply chain},
journal = {Computers \& Operations Research},
volume = {49},
pages = {47-58},
year = {2014},
issn = {0305-0548},
doi = {https://doi.org/10.1016/j.cor.2014.03.021},
url = {https://www.sciencedirect.com/science/article/pii/S0305054814000768},
author = {F. Oliveira and I.E. Grossmann and S. Hamacher},
}


@article{BOLAND2018,
author = {Boland, Natashia and Christiansen, Jeffrey and Dandurand, Brian and Eberhard, Andrew and Linderoth, Jeff and Luedtke, James and Oliveira, Fabricio},
title = {Combining Progressive Hedging with a Frank--Wolfe Method to Compute Lagrangian Dual Bounds in Stochastic Mixed-Integer Programming},
journal = {SIAM Journal on Optimization},
volume = {28},
number = {2},
pages = {1312-1336},
year = {2018},
doi = {10.1137/16M1076290},
}

@article{BOLAND2019,
  title={A parallelizable augmented Lagrangian method applied to large-scale non-convex-constrained optimization problems},
  author={Boland, Natashia and Christiansen, Jeffrey and Dandurand, Brian and Eberhard, Andrew and Oliveira, Fabricio},
  journal={Mathematical Programming},
  volume={175},
  number={1},
  pages={503--536},
  year={2019},
  publisher={Springer}
}

@article{OLIVEIRA2020,
author = {Oliveira, F. and Christiansen, J. and Dandurand, B. and Eberhard, A.},
title = {Combining penalty-based and Gaussâ€“Seidel methods for solving stochastic mixed-integer problems},
journal = {International Transactions in Operational Research},
volume = {27},
number = {1},
pages = {494-524},
keywords = {stochastic programming, decomposition methods, Lagrangian duality, penalty-based method, Gaussâ€“Seidel method},
doi = {https://doi.org/10.1111/itor.12525},
url = {https://onlinelibrary.wiley.com/doi/abs/10.1111/itor.12525},
eprint = {https://onlinelibrary.wiley.com/doi/pdf/10.1111/itor.12525},
year = {2020}
}


@article{PLACIDO2019,
title = {An enhanced L-Shaped method for optimizing periodic-review inventory control problems modeled via two-stage stochastic programming},
journal = {European Journal of Operational Research},
volume = {275},
number = {2},
pages = {677-693},
year = {2019},
issn = {0377-2217},
doi = {https://doi.org/10.1016/j.ejor.2018.11.053},
url = {https://www.sciencedirect.com/science/article/pii/S0377221718309949},
author = {Felipe Silva {Placido dos Santos} and Fabricio Oliveira},
}


@article{ANDRADE2022,
  title={The p-Lagrangian relaxation for separable nonconvex MIQCQP problems},
  author={Andrade, Tiago and Belyak, Nikita and Eberhard, Andrew and Hamacher, Silvio and Oliveira, Fabricio},
  journal={Journal of Global Optimization},
  pages={1--34},
  year={2022},
  publisher={Springer}
}


@article{LAPORTE1993,
  title={The integer L-shaped method for stochastic integer programs with complete recourse},
  author={Laporte, Gilbert and Louveaux, Fran{\c{c}}ois V},
  journal={Operations research letters},
  volume={13},
  number={3},
  pages={133--142},
  year={1993},
  publisher={Elsevier}
}


@article{BIRGE1988,
  title={A multicut algorithm for two-stage stochastic linear programs},
  author={Birge, John R and Louveaux, Francois V},
  journal={European Journal of Operational Research},
  volume={34},
  number={3},
  pages={384--392},
  year={1988},
  publisher={Elsevier}
}


@article{RAHMANIANI2017,
  title={The Benders decomposition algorithm: A literature review},
  author={Rahmaniani, Ragheb and Crainic, Teodor Gabriel and Gendreau, Michel and Rei, Walter},
  journal={European Journal of Operational Research},
  volume={259},
  number={3},
  pages={801--817},
  year={2017},
  publisher={Elsevier}
}


@article{ZENG2013,
  title={Solving two-stage robust optimization problems using a column-and-constraint generation method},
  author={Zeng, Bo and Zhao, Long},
  journal={Operations Research Letters},
  volume={41},
  number={5},
  pages={457--461},
  year={2013},
  publisher={Elsevier}
}

@article{GAMBOA2021,
title = {Decomposition methods for Wasserstein-based data-driven distributionally robust problems},
journal = {Operations Research Letters},
volume = {49},
number = {5},
pages = {696-702},
year = {2021},
issn = {0167-6377},
doi = {https://doi.org/10.1016/j.orl.2021.07.007},
url = {https://www.sciencedirect.com/science/article/pii/S0167637721001152},
author = {Carlos Andrés Gamboa and Davi Michel Valladão and Alexandre Street and Tito Homem-de-Mello},
keywords = {Two-stage stochastic programming, Decomposition methods, Distributionally robust optimization},

}


@article{PEREIRA1999,
  title={Multi-stage stochastic optimization applied to energy planning},
  author={Pereira, Mario VF and Pinto, Leontina MVG},
  journal={Mathematical programming},
  volume={52},
  number={1},
  pages={359--375},
  year={1991},
  publisher={Springer}
}


@article{ROCKAFELLAR1991,
  title={Scenarios and policy aggregation in optimization under uncertainty},
  author={Rockafellar, R Tyrrell and Wets, Roger J-B},
  journal={Mathematics of operations research},
  volume={16},
  number={1},
  pages={119--147},
  year={1991},
  publisher={INFORMS}
}

@article{BOYD2011,
  title={Distributed optimization and statistical learning via the alternating direction method of multipliers},
  author={Boyd, Stephen and Parikh, Neal and Chu, Eric and Peleato, Borja and Eckstein, Jonathan and others},
  journal={Foundations and Trends{\textregistered} in Machine learning},
  volume={3},
  number={1},
  pages={1--122},
  year={2011},
  publisher={Now Publishers, Inc.}
}

@article{WATSON2011,
  title={Progressive hedging innovations for a class of stochastic mixed-integer resource allocation problems},
  author={Watson, Jean-Paul and Woodruff, David L},
  journal={Computational Management Science},
  volume={8},
  number={4},
  pages={355--370},
  year={2011},
  publisher={Springer}
}


@article{KIM2022,
  title={Scalable branching on dual decomposition of stochastic mixed-integer programming problems},
  author={Kim, Kibaek and Dandurand, Brian},
  journal={Mathematical Programming Computation},
  volume={14},
  number={1},
  pages={1--41},
  year={2022},
  publisher={Springer}
}


@article{ATAKAN2018,
  title={A progressive hedging based branch-and-bound algorithm for mixed-integer stochastic programs},
  author={Atakan, Semih and Sen, Suvrajeet},
  journal={Computational Management Science},
  volume={15},
  number={3},
  pages={501--540},
  year={2018},
  publisher={Springer}
}


@article{VANSLYKE1969,
  title={L-shaped linear programs with applications to optimal control and stochastic programming},
  author={Van Slyke, Richard M and Wets, Roger},
  journal={SIAM journal on applied mathematics},
  volume={17},
  number={4},
  pages={638--663},
  year={1969},
  publisher={SIAM}
}


